@article{ext2design,
author = {Card, Rémy and Ts, Theodore and Tweedie, Stephen},
year = {1990},
month = {01},
pages = {},
title = {Design and Implementation of the Second Extended Filesystem}
}

@misc{ext2structure,
  title = {The Second Extended File system (EXT2)},
  howpublished = {\url{http://www.linux-tutorial.info/modules.php?name=MContent\&pageid=272}},
  note = {Accessed: 2018-05-10}
}

@misc{zfs,
  title = {What is ZFS?},
  howpublished = {\url{https://docs.oracle.com/cd/E23823\_01/html/819-5461/zfsover-2.html}},
  note = {Accessed: 2018-05-11}
}

@misc{openzfs,
  title = {OpenZFS Announcement},
  howpublished = {\url{http://www.open-zfs.org/wiki/Announcement}},
  note = {Accessed: 2018-05-11}
}

@article{extjournal,
author = {C. Tweedie, Stephen},
year = {1999},
month = {05},
pages = {},
title = {Journaling the Linux ext2fs Filesystem}
}

@article{takingadvantage,
author = {Gregorio Narváez},
year = {2007},
title = {Taking advantage of Ext3 journaling file system in a forensic investigation}
}

@article{newext4,
author = {Mathur, Avantika and Cao, Mingming and Bhattacharya, Suparna and Dilger, Andreas and Tomas, Alex and Vivier, Laurent},
year = {2007},
month = {01},
pages = {},
title = {The new ext4 filesystem: Current status and future plans},
booktitle = {Proceedings of the Linux Symposium}
}

@article{btrfs,
author = {Rodeh, Ohad and Bacik, Josef and Mason, Chris},
year = {2013},
month = {08},
pages = {},
title = {BTRFS: The linux B-tree filesystem},
volume = {9},
booktitle = {ACM Transactions on Storage (TOS)}
}
	
@article{merola2008data,
  title={Data carving concepts},
  author={Merola, Antonio},
  journal={Sans Institute},
  volume={4},
  year={2008}
}

@article{afeic,
author = {A. Dewald and S. Seufert},
year = {2017},
title = {AFEIC: Advanced forensic Ext4 inode carving}
}
